@inproceedings{PythonTutor,
 author = {Guo, Philip J.},
 title = {Online Python Tutor: Embeddable Web-based Program Visualization for Cs Education},
 booktitle = {Proceeding of the 44th ACM Technical Symposium on Computer Science Education},
 series = {SIGCSE '13},
 year = {2013},
 isbn = {978-1-4503-1868-6},
 location = {Denver, Colorado, USA},
 pages = {579--584},
 numpages = {6},
 url = {http://doi.acm.org/10.1145/2445196.2445368},
 doi = {10.1145/2445196.2445368},
 acmid = {2445368},
 publisher = {ACM},
 address = {New York, NY, USA},
 keywords = {CS1, program visualization, python},
} 

@inproceedings{Telescope,
 author = {Hibschman, Joshua and Zhang, Haoqi},
 title = {Telescope: Fine-Tuned Discovery of Interactive Web UI Feature Implementation},
 booktitle = {Proceedings of the 29th Annual Symposium on User Interface Software and Technology},
 series = {UIST '16},
 year = {2016},
 isbn = {978-1-4503-4189-9},
 location = {Tokyo, Japan},
 pages = {233--245},
 numpages = {13},
 url = {http://doi.acm.org/10.1145/2984511.2984570},
 doi = {10.1145/2984511.2984570},
 acmid = {2984570},
 publisher = {ACM},
 address = {New York, NY, USA},
 keywords = {inspecting, javascript, reverse engineering, tracing, web},
} 

@inproceedings{StackOverflowCodeExample,
 author = {Sillito, Jonathan and Maurer, Frank and Nasehi, Seyed Mehdi and Burns, Chris},
 title = {What Makes a Good Code Example?: A Study of Programming Q\&A in StackOverflow},
 booktitle = {Proceedings of the 2012 IEEE International Conference on Software Maintenance (ICSM)},

 year = {2012},
 isbn = {978-1-4673-2313-0},
 pages = {25--34},
 numpages = {10},

 doi = {10.1109/ICSM.2012.6405249},
 acmid = {2473558},

 keywords = {Programming,Conferences,Software maintenance,Documentation,Best practices,Web sites,Java,social learning,code example,documentation,API},
} 

@inproceedings{GitHubAPIMining,
 author = {Fowkes, Jaroslav and Sutton, Charles},
 title = {Parameter-free Probabilistic API Mining Across GitHub},
 booktitle = {Proceedings of the 2016 24th ACM SIGSOFT International Symposium on Foundations of Software Engineering},
 
 year = {2016},
 isbn = {978-1-4503-4218-6},
 location = {Seattle, WA, USA},
 pages = {254--265},
 numpages = {12},

 doi = {10.1145/2950290.2950319},
 acmid = {2950319},

 keywords = {API mining, sequential pattern mining},
} 


@inproceedings{Sadigh_automatic_exercise_generation,
 author = {Sadigh, Dorsa and Seshia, Sanjit A. and Gupta, Mona},
 title = {Automating Exercise Generation: A Step Towards Meeting the MOOC Challenge for Embedded Systems},
 booktitle = {Proceedings of the Workshop on Embedded and Cyber-Physical Systems Education},

 year = {2013},
 isbn = {978-1-4503-1765-8},
 location = {Tampere, Finland},
 pages = {2:1--2:8},
 articleno = {2},
 numpages = {8},
 
 doi = {10.1145/2530544.2530546},
 acmid = {2530546},

 keywords = {automated grading and feedback, embedded systems education, exercise generation, massively open online courses, problem generation, solution generation},
} 

@inproceedings{prados_automatic_exercise_generation,
  title={Automatic generation and correction of technical exercises},
  author={Prados, Ferran and Boada, Imma and Soler, Josep and Poch, Jordi},
  booktitle={International Conference on Engineering and Computer Education},

  volume={5},
  year={2005}
}


@inproceedings{Gottipati_finding_resource,
 author = {Gottipati, Swapna and Lo, David and Jing Jiang},
 title = {Finding Relevant Answers in Software Forums},
 booktitle = {Proceedings of the 2011 26th IEEE/ACM International Conference on Automated Software Engineering},

 year = {2011},
 isbn = {978-1-4577-1638-6},
 pages = {323--332},
 numpages = {10},

 doi = {10.1109/ASE.2011.6100069},
 acmid = {2190188},

} 

@inproceedings{Mamykina_Design_SO,
 author = {Mamykina, Lena and Manoim, Bella and Mittal, Manas and Hripcsak, George and Hartmann, Bj\"{o}rn},
 title = {Design Lessons from the Fastest Q\&A Site in the West},
 booktitle = {Proceedings of the SIGCHI Conference on Human Factors in Computing Systems},

 year = {2011},
 isbn = {978-1-4503-0228-9},
 location = {Vancouver, BC, Canada},
 pages = {2857--2866},
 numpages = {10},

 doi = {10.1145/1978942.1979366},
 acmid = {1979366},

 keywords = {mixed methods analysis, q\&\#38;a},
} 

@inproceedings{Zavala_Semantic_Based_AIG,
 author = {Zavala, Laura and Mendoza, Benito},
 title = {On the Use of Semantic-Based AIG to Automatically Generate Programming Exercises},
 booktitle = {Proceedings of the 49th ACM Technical Symposium on Computer Science Education},

 year = {2018},
 isbn = {978-1-4503-5103-4},
 location = {Baltimore, Maryland, USA},
 pages = {14--19},
 numpages = {6},
 
 doi = {10.1145/3159450.3159608},
 acmid = {3159608},

 keywords = {assessment tools, linked open data, automatic item generation, contextual examples, motivation, programming exercises, semantic web, semantic-based aig},
} 

@inproceedings{MAPO,
 author = {Xie, Tao and Pei, Jian},
 title = {MAPO: Mining API Usages from Open Source Repositories},
 booktitle = {Proceedings of the 2006 International Workshop on Mining Software Repositories},

 year = {2006},
 isbn = {1-59593-397-2},
 location = {Shanghai, China},
 pages = {54--57},
 numpages = {4},

 doi = {10.1145/1137983.1137997},
 acmid = {1137997},

 keywords = {application programming interfaces, mining software repositories, program comprehension},
} 
[download]

@InProceedings{extended_MAPO,
author="Zhong, Hao
and Xie, Tao
and Zhang, Lu
and Pei, Jian
and Mei, Hong",
editor="Drossopoulou, Sophia",
title="MAPO: Mining and Recommending API Usage Patterns",
booktitle="European Conference on Object-Oriented Programming",
year="2009",

pages="318--343",
isbn="978-3-642-03013-0"
}

@article{gassler2004integrated,
  title={Integrated Micro Learning--An outline of the basic method and first results},
  author={Gassler, Gerhard and Hug, Theo and Glahn, Christian},
  journal={Interactive Computer Aided Learning},
  volume={4},
  pages={1--7},
  year={2004}
}

@article{macquarrie2002comparison,
  title={Comparison of retention rates using traditional, drill sandwich, and incremental rehearsal, flash card methods},
  author={MacQuarrie, Lara L and Tucker, James A and Burns, Matthew K and Hartman, Brian},
  journal={School Psychology Review},
  volume={31},
  number={4},
  pages={584},
  year={2002},
  publisher={National Association of School Psychologists}
}

@article{sankoff1983time,
  title={Time warps, string edits, and macromolecules},
  author={Sankoff, David and Kruskal, Joseph B},
  journal={The Theory and Practice of Sequence Comparison, Reading},
  year={1983},
  publisher={Addison-Wesley}
}

@article{ericsson1993role,
  title={The role of deliberate practice in the acquisition of expert performance.},
  author={Ericsson, K Anders and Krampe, Ralf T and Tesch-R{\"o}mer, Clemens},
  journal={Psychological review},
  volume={100},
  number={3},
  pages={363},
  year={1993},
  publisher={American Psychological Association}
}

@article{Winslow:1996:PPP:234867.234872,
  title={Programming pedagogy---a psychological overview},
  author={Winslow, Leon E},
  journal={ACM Sigcse Bulletin},
  volume={28},
  number={3},
  pages={17--22},
  year={1996},
  publisher={ACM}
}


@inproceedings{Gross_eup,
 author = {Gross, Paul and Kelleher, Caitlin},
 title = {Toward Transforming Freely Available Source Code into Usable Learning Materials for End-users},
 booktitle = {Evaluation and Usability of Programming Languages and Tools},
 series = {PLATEAU '10},
 year = {2010},
 isbn = {978-1-4503-0547-1},
 location = {Reno, Nevada},
 pages = {6:1--6:6},
 articleno = {6},
 numpages = {6},
 url = {http://doi.acm.org/10.1145/1937117.1937123},
 doi = {10.1145/1937117.1937123},
 acmid = {1937123},
 publisher = {ACM},
 address = {New York, NY, USA},
 keywords = {code reuse, code usability, end-user, execution explorer, looking glass, non-programmer},
} 

@inproceedings{Brandt:2009:TSO:1518701.1518944,
 author = {Brandt, Joel and Guo, Philip J. and Lewenstein, Joel and Dontcheva, Mira and Klemmer, Scott R.},
 title = {Two Studies of Opportunistic Programming: Interleaving Web Foraging, Learning, and Writing Code},
 booktitle = {Proceedings of the SIGCHI Conference on Human Factors in Computing Systems},
 series = {CHI '09},
 year = {2009},
 isbn = {978-1-60558-246-7},
 location = {Boston, MA, USA},
 pages = {1589--1598},
 numpages = {10},
 url = {http://doi.acm.org/10.1145/1518701.1518944},
 doi = {10.1145/1518701.1518944},
 acmid = {1518944},
 publisher = {ACM},
 address = {New York, NY, USA},
 keywords = {copy-and-paste, opportunistic programming, prototyping},
} 

@inproceedings{Gross_code_reuse,
 author = {Gross, Paul A. and Herstand, Micah S. and Hodges, Jordana W. and Kelleher, Caitlin L.},
 title = {A Code Reuse Interface for Non-programmer Middle School Students},
 booktitle = {Proceedings of the 15th International Conference on Intelligent User Interfaces},
 series = {IUI '10},
 year = {2010},
 isbn = {978-1-60558-515-4},
 location = {Hong Kong, China},
 pages = {219--228},
 numpages = {10},
 url = {http://doi.acm.org/10.1145/1719970.1720001},
 doi = {10.1145/1719970.1720001},
 acmid = {1720001},
 publisher = {ACM},
 address = {New York, NY, USA},
 keywords = {code reuse, end user, looking glass, middle school, non-programmer, storytelling alice},
} 

@inproceedings{Hartmann_DMix,
 author = {Hartmann, Bj\"{o}rn and Wu, Leslie and Collins, Kevin and Klemmer, Scott R.},
 title = {Programming by a Sample: Rapidly Creating Web Applications with D.Mix},
 booktitle = {Proceedings of the 20th Annual ACM Symposium on User Interface Software and Technology},
 series = {UIST '07},
 year = {2007},
 isbn = {978-1-59593-679-0},
 location = {Newport, Rhode Island, USA},
 pages = {241--250},
 numpages = {10},
 url = {http://doi.acm.org/10.1145/1294211.1294254},
 doi = {10.1145/1294211.1294254},
 acmid = {1294254},
 publisher = {ACM},
 address = {New York, NY, USA},
 keywords = {mashups, programming by example modification, prototyping, web services},
} 

@inproceedings{Harms:2013:AGT:2485760.2485764,
 author = {Harms, Kyle J. and Cosgrove, Dennis and Gray, Shannon and Kelleher, Caitlin},
 title = {Automatically Generating Tutorials to Enable Middle School Children to Learn Programming Independently},
 booktitle = {Proceedings of the 12th International Conference on Interaction Design and Children},
 series = {IDC '13},
 year = {2013},
 isbn = {978-1-4503-1918-8},
 location = {New York, New York, USA},
 pages = {11--19},
 numpages = {9},
 url = {http://doi.acm.org/10.1145/2485760.2485764},
 doi = {10.1145/2485760.2485764},
 acmid = {2485764},
 publisher = {ACM},
 address = {New York, NY, USA},
 keywords = {automatically generated tutorials, code reuse, programming systems for children},
} 

@inproceedings{Mantyla:issue:word:list,
 author = {M\"{a}ntyl\"{a}, Mika V. and Novielli, Nicole and Lanubile, Filippo and Claes, Ma\"{e}lick and Kuutila, Miikka},
 title = {Bootstrapping a Lexicon for Emotional Arousal in Software Engineering},
 booktitle = {Proceedings of the 14th International Conference on Mining Software Repositories},
 series = {MSR '17},
 year = {2017},
 isbn = {978-1-5386-1544-7},
 location = {Buenos Aires, Argentina},
 pages = {198--202},
 numpages = {5},
 url = {https://doi.org/10.1109/MSR.2017.47},
 doi = {10.1109/MSR.2017.47},
 acmid = {3104214},
 publisher = {IEEE Press},
 address = {Piscataway, NJ, USA},
 keywords = {empirical software engineering, issue report, lexicon, emotional arousal, sentiment analysis},
} 

@INPROCEEDINGS{Bissyande:gh:issues, 
author={T. F. Bissyandé and D. Lo and L. Jiang and L. Réveillère and J. Klein and Y. L. Traon}, 
booktitle={2013 IEEE 24th International Symposium on Software Reliability Engineering (ISSRE)}, 
title={Got issues? Who cares about it? A large scale investigation of issue trackers from GitHub}, 
year={2013}, 
volume={}, 
number={}, 
pages={188-197}, 
keywords={public domain software;software performance evaluation;GitHub;issue trackers;software open source projects;software engineering;Software;Communities;Correlation;Measurement;Computer bugs;Encoding;Educational institutions}, 
doi={10.1109/ISSRE.2013.6698918}, 
ISSN={1071-9458}, 
month={Nov},}

@article{kalyanasundaram2014automatic,
  title={Automatic Labeling of Issues on Github--A Machine learning Approach},
  author={Kalyanasundaram, Arun},
  year={2014}
}

@inproceedings{Allen:2003:PPC:611892.611940,
 author = {Allen, Eric and Cartwright, Robert and Reis, Charles},
 title = {Production Programming in the Classroom},
 booktitle = {Proceedings of the 34th SIGCSE Technical Symposium on Computer Science Education},
 series = {SIGCSE '03},
 year = {2003},
 isbn = {1-58113-648-X},
 location = {Reno, Navada, USA},
 pages = {89--93},
 numpages = {5},
 url = {http://doi.acm.org/10.1145/611892.611940},
 doi = {10.1145/611892.611940},
 acmid = {611940},
 publisher = {ACM},
 address = {New York, NY, USA},
 keywords = {DrJava, JUnit, ant, extreme programming, open source, production programming, software engineering, sourceforge},
} 

@article{robillard2011field,
  title={A field study of API learning obstacles},
  author={Robillard, Martin P and Deline, Robert},
  journal={Empirical Software Engineering},
  volume={16},
  number={6},
  pages={703--732},
  year={2011},
  publisher={Springer}
}

@inproceedings{Holmes_2008_MSR_Eclipse_APIs,
 author = {Holmes, Reid and Walker, Robert J.},
 title = {A Newbie's Guide to Eclipse APIs},
 booktitle = {Proceedings of the 2008 International Working Conference on Mining Software Repositories},
 series = {MSR '08},
 year = {2008},
 isbn = {978-1-60558-024-1},
 location = {Leipzig, Germany},
 pages = {149--152},
 numpages = {4},
 url = {http://doi.acm.org/10.1145/1370750.1370787},
 doi = {10.1145/1370750.1370787},
 acmid = {1370787},
 publisher = {ACM},
 address = {New York, NY, USA},
 keywords = {API popularity, PopCon, mining software repositories challenge},
} 

@inproceedings{UIST_2009_CommunityCommands,
 author = {Matejka, Justin and Li, Wei and Grossman, Tovi and Fitzmaurice, George},
 title = {CommunityCommands: Command Recommendations for Software Applications},
 booktitle = {Proceedings of the 22Nd Annual ACM Symposium on User Interface Software and Technology},
 series = {UIST '09},
 year = {2009},
 isbn = {978-1-60558-745-5},
 location = {Victoria, BC, Canada},
 pages = {193--202},
 numpages = {10},
 url = {http://doi.acm.org/10.1145/1622176.1622214},
 doi = {10.1145/1622176.1622214},
 acmid = {1622214},
 publisher = {ACM},
 address = {New York, NY, USA},
 keywords = {recommender},
} 

@INPROCEEDINGS{VLHCC_2009_API_doc_API_usage, 
author={J. Stylos and A. Faulring and Z. Yang and B. A. Myers}, 
booktitle={2009 IEEE Symposium on Visual Languages and Human-Centric Computing (VL/HCC)}, 
title={Improving API documentation using API usage information}, 
year={2009}, 
volume={}, 
number={}, 
pages={119-126}, 
keywords={application program interfaces;document handling;Java;system documentation;API documentation;API usage information;Jadeite;standard Javadoc;application program interfaces;Documentation;Programming profession;Java;Usability;Search engines;Aggregates;Statistics;Displays;Performance evaluation;Functional programming}, 
doi={10.1109/VLHCC.2009.5295283}, 
ISSN={1943-6092}, 
month={Sep.},}

@INPROCEEDINGS{colab_filtering_api_recommend, 
author={F. McCarey and M. O. Cinneide and N. Kushmerick}, 
booktitle={2006 IEEE/WIC/ACM International Conference on Intelligent Agent Technology}, 
title={A Recommender Agent for Software Libraries: An Evaluation of Memory-Based and Model-Based Collaborative Filtering}, 
year={2006}, 
volume={}, 
number={}, 
pages={154-162}, 
keywords={data mining;information filtering;software agents;software libraries;software reusability;recommender agents;software libraries;model-based collaborative filtering;memory-based filtering;software agents;source code repositories;software reuse;model-based approach;Software libraries;Collaborative software;Collaborative work;Clustering algorithms;Software agents;Java;Filtering algorithms;Open source software;Runtime;Writing}, 
doi={10.1109/IAT.2006.23}, 
ISSN={}, 
month={Dec},}


@article{Holmes_2006_recommend_api_example,
 author = {Holmes, Reid and Walker, Robert J. and Murphy, Gail C.},
 title = {Approximate Structural Context Matching: An Approach to Recommend Relevant Examples},
 journal = {IEEE Trans. Softw. Eng.},
 issue_date = {December 2006},
 volume = {32},
 number = {12},
 month = dec,
 year = {2006},
 issn = {0098-5589},
 pages = {952--970},
 numpages = {19},
 url = {http://dx.doi.org/10.1109/TSE.2006.117},
 doi = {10.1109/TSE.2006.117},
 acmid = {1248784},
 publisher = {IEEE Press},
 address = {Piscataway, NJ, USA},
 keywords = {API usage, API usage, structural context, heuristic search, Strathcona, example recommendation., Strathcona, example recommendation., heuristic search, structural context},
} 

@inproceedings{Bajracharya:2010:LUS,
 author = {Bajracharya, Sushil K. and Ossher, Joel and Lopes, Cristina V.},
 title = {Leveraging Usage Similarity for Effective Retrieval of Examples in Code Repositories},
 booktitle = {Proceedings of the Eighteenth ACM SIGSOFT International Symposium on Foundations of Software Engineering},
 series = {FSE '10},
 year = {2010},
 isbn = {978-1-60558-791-2},
 location = {Santa Fe, New Mexico, USA},
 pages = {157--166},
 numpages = {10},
 url = {http://doi.acm.org/10.1145/1882291.1882316},
 doi = {10.1145/1882291.1882316},
 acmid = {1882316},
 publisher = {ACM},
 address = {New York, NY, USA},
 keywords = {api usage, code search, software information retrieval, ssi, structural semantic indexing},
} 

@INPROCEEDINGS{Cordeiro_2012_extract_QA_SO, 
author={J. Cordeiro and B. Antunes and P. Gomes}, 
booktitle={2012 Third International Workshop on Recommendation Systems for Software Engineering (RSSE)}, 
title={Context-based recommendation to support problem solving in software development}, 
year={2012}, 
volume={}, 
number={}, 
pages={85-89}, 
keywords={online front-ends;question answering (information retrieval);recommender systems;software development management;Web sites;context-based recommendation;problem solving;software development process;exception occurrence;Console View;IDE;information searching;Web pages;Web browser;exception stack traces;question-answering Web resources retrieval;Eclipse;keyword-based approach;Context;Programming;Software;Data mining;Servers;Search engines;Problem-solving;Recommendation Systems;Context Modelling;Software Development;Problem Solving}, 
doi={10.1109/RSSE.2012.6233418}, 
ISSN={2327-0934}, 
month={June},}

@inproceedings{Matejka_Ambient_Help,
 author = {Matejka, Justin and Grossman, Tovi and Fitzmaurice, George},
 title = {Ambient Help},
 booktitle = {Proceedings of the SIGCHI Conference on Human Factors in Computing Systems},
 series = {CHI '11},
 year = {2011},
 isbn = {978-1-4503-0228-9},
 location = {Vancouver, BC, Canada},
 pages = {2751--2760},
 numpages = {10},
 url = {http://doi.acm.org/10.1145/1978942.1979349},
 doi = {10.1145/1978942.1979349},
 acmid = {1979349},
 publisher = {ACM},
 address = {New York, NY, USA},
 keywords = {ambient system, help, learnability, understanding},
} 

@INPROCEEDINGS{Zolaktaf_Recommending_Commands, 
author={S. Zolaktaf and G. C. Murphy}, 
booktitle={2015 IEEE 14th International Conference on Machine Learning and Applications (ICMLA)}, 
title={What to Learn Next: Recommending Commands in a Feature-Rich Environment}, 
year={2015}, 
volume={}, 
number={}, 
pages={1038-1044}, 
keywords={data mining;recommender systems;software engineering;command recommendation;feature-rich applications;CoDis algorithm;pattern discovery;Eclipse integrated development environment;top-N recommendation task;Collaboration;History;Recommender systems;Software;Documentation;Computational modeling;Computer science}, 
doi={10.1109/ICMLA.2015.55}, 
ISSN={}, 
month={Dec},}

@INPROCEEDINGS{Heinemann_Identifier_Based_API_Recommendation, 
author={L. Heinemann and V. Bauer and M. Herrmannsdoerfer and B. Hummel}, 
booktitle={2012 16th European Conference on Software Maintenance and Reengineering}, 
title={Identifier-Based Context-Dependent API Method Recommendation}, 
year={2012}, 
volume={}, 
number={}, 
pages={31-40}, 
keywords={application program interfaces;Java;programming environments;public domain software;recommender systems;software metrics;software reusability;identifier-based context-dependent API method recommendation;reuse recommendation system;code snippets;IDE;Java;Eclipse API;open source system;metric;expected precision prediction;Indexes;Context;Java;Vectors;Data mining;Software systems;software reuse;recommendation system;identifier;data mining}, 
doi={10.1109/CSMR.2012.14}, 
ISSN={1534-5351}, 
month={March},}

@inproceedings{Kawrykow_Improving_API_Usage,
 author = {Kawrykow, David and Robillard, Martin P.},
 title = {Improving API Usage Through Automatic Detection of Redundant Code},
 booktitle = {Proceedings of the 2009 IEEE/ACM International Conference on Automated Software Engineering},
 series = {ASE '09},
 year = {2009},
 isbn = {978-0-7695-3891-4},
 pages = {111--122},
 numpages = {12},
 url = {https://doi.org/10.1109/ASE.2009.62},
 doi = {10.1109/ASE.2009.62},
 acmid = {1747513},
 publisher = {IEEE Computer Society},
 address = {Washington, DC, USA},
 keywords = {API usage, code quality, code analysis, recommendation system},
} 


@inproceedings{Ichinco_Suggesting_API_Usage,
 author = {Ichinco, Michelle and Hnin, Wint Yee and Kelleher, Caitlin L.},
 title = {Suggesting API Usage to Novice Programmers with the Example Guru},
 booktitle = {Proceedings of the 2017 CHI Conference on Human Factors in Computing Systems},
 series = {CHI '17},
 year = {2017},
 isbn = {978-1-4503-4655-9},
 location = {Denver, Colorado, USA},
 pages = {1105--1117},
 numpages = {13},
 url = {http://doi.acm.org/10.1145/3025453.3025827},
 doi = {10.1145/3025453.3025827},
 acmid = {3025827},
 publisher = {ACM},
 address = {New York, NY, USA},
 keywords = {APIs, examples, novice programming, programming support},
} 


